{
  "marc21_record": {
    "leader": "         a22        4500",
    "fields": [
      {
        "tag": "001",
        "data": "YD2600035"
      },
      {
        "tag": "005",
        "data": "20260617111951.0"
      },
      {
        "tag": "008",
        "data": "260617s2025    vm      m           vie d"
      },
      {
        "tag": "040",
        "ind1": " ",
        "ind2": " ",
        "subfields": [
          {
            "code": "a",
            "value": "DHYD"
          },
          {
            "code": "b",
            "value": "vie"
          },
          {
            "code": "c",
            "value": "DHYD"
          },
          {
            "code": "e",
            "value": "AACR2"
          }
        ]
      },
      {
        "tag": "041",
        "ind1": "0",
        "ind2": " ",
        "subfields": [
          {
            "code": "a",
            "value": "vie"
          }
        ]
      },
      {
        "tag": "050",
        "ind1": " ",
        "ind2": "0",
        "subfields": [
          {
            "code": "a",
            "value": "AKK"
          }
        ]
      },
      {
        "tag": "060",
        "ind1": " ",
        "ind2": " ",
        "subfields": [
          {
            "code": "a",
            "value": "WU 317"
          }
        ]
      },
      {
        "tag": "090",
        "ind1": " ",
        "ind2": " ",
        "subfields": [
          {
            "code": "a",
            "value": "WU 317"
          },
          {
            "code": "b",
            "value": "NGU 2025"
          }
        ]
      },
      {
        "tag": "100",
        "ind1": "1",
        "ind2": " ",
        "subfields": [
          {
            "code": "a",
            "value": "Nguyễn Hoàng Tùng."
          }
        ]
      },
      {
        "tag": "245",
        "ind1": "1",
        "ind2": "0",
        "subfields": [
          {
            "code": "a",
            "value": "KHẢO SÁT ĐẶC ĐIỂM NỒNG ĐỘ HBcrAg HUYẾT THANH TRÊN BỆNH NHÂN VIÊM GAN B MẠN TÍNH /"
          },
          {
            "code": "c",
            "value": "NGUYỄN HOÀNG TÙNG."
          }
        ]
      },
      {
        "tag": "260",
        "ind1": " ",
        "ind2": " ",
        "subfields": [
          {
            "code": "a",
            "value": "THÀNH PHỐ HỒ CHÍ MINH"
          },
          {
            "code": "b",
            "value": "ĐẠI HỌC Y DƯỢC THÀNH PHỐ HỒ CHÍ MINH"
          },
          {
            "code": "c",
            "value": "2025"
          }
        ]
      },
      {
        "tag": "502",
        "ind1": " ",
        "ind2": " ",
        "subfields": [
          {
            "code": "a",
            "value": "LUẬN VĂN THẠC SĨ KỸ THUẬT Y HỌC."
          }
        ]
      },
      {
        "tag": "710",
        "ind1": "2",
        "ind2": " ",
        "subfields": [
          {
            "code": "a",
            "value": "ĐẠI HỌC Y DƯỢC THÀNH PHỐ HỒ CHÍ MINH."
          }
        ]
      },
      {
        "tag": "915",
        "ind1": " ",
        "ind2": " ",
        "subfields": [
          {
            "code": "a",
            "value": "Kỹ Thuật Xét Nghiệm Y Học"
          },
          {
            "code": "c",
            "value": "Thạc Sĩ"
          },
          {
            "code": "f",
            "value": "PGS. TS. Nguyễn Thị Bằng Sương"
          }
        ]
      },
      {
        "tag": "927",
        "ind1": " ",
        "ind2": " ",
        "subfields": [
          "LA"
        ]
      }
    ]
  },
  "ai_evaluation_metrics": {}
}